<record><leader>00000cas a2200000   4500</leader><controlfield tag="001">5151120</controlfield><controlfield tag="008">790709c197u9999pauer ne      0   a0eng d</controlfield><datafield ind1=" " ind2=" " tag="010"><subfield code="a">sn 79007188 </subfield></datafield><datafield ind1=" " ind2=" " tag="040"><subfield code="a">NSD</subfield><subfield code="b">eng</subfield><subfield code="c">NSD</subfield><subfield code="d">NPH</subfield><subfield code="d">OCL</subfield><subfield code="d">OCLCQ</subfield></datafield><datafield ind1=" " ind2=" " tag="012"><subfield code="k">1</subfield><subfield code="m">c</subfield></datafield><datafield ind1="1" ind2=" " tag="022"><subfield code="a">0193-2896</subfield><subfield code="l">0193-2896</subfield><subfield code="2">1</subfield></datafield><datafield ind1=" " ind2=" " tag="032"><subfield code="a">377430</subfield><subfield code="b">USPS</subfield></datafield><datafield ind1=" " ind2=" " tag="042"><subfield code="a">nsdp</subfield></datafield><datafield ind1=" " ind2="0" tag="222"><subfield code="a">AA. The area advertiser</subfield></datafield><datafield ind1="0" ind2="0" tag="245"><subfield code="a">AA. The area advertiser.</subfield></datafield><datafield ind1="3" ind2="0" tag="246"><subfield code="a">Area advertiser</subfield></datafield><datafield ind1=" " ind2=" " tag="260"><subfield code="a">Pittsburgh, Pa. :</subfield><subfield code="b">John P. Grimes,</subfield></datafield><datafield ind1=" " ind2=" " tag="300"><subfield code="a">v.</subfield></datafield><datafield ind1=" " ind2=" " tag="310"><subfield code="a">Biweekly</subfield></datafield><datafield ind1=" " ind2=" " tag="500"><subfield code="a">Publisher: Area Advertiser, Inc., &lt;1979&gt;.</subfield></datafield><datafield ind1=" " ind2=" " tag="500"><subfield code="a">"Robinson, Kennedy, Scott Townships, Crafton, Ingram, Sheraden, Elliot, Greentree, Roslyn, Pennsbury, Esplen, West End, Stowe Township, McKees Rocks, West Park, Thornburg, Westwood, Oakwood, Crafton Heights and Corliss."</subfield></datafield><datafield ind1=" " ind2=" " tag="588"><subfield code="a">Description based on: Vol. 1, no. 25 (Dec. 26-31, 1977).</subfield></datafield><datafield ind1=" " ind2=" " tag="752"><subfield code="a">United States</subfield><subfield code="b">Pennsylvania</subfield><subfield code="c">Allegheny</subfield><subfield code="d">Pittsburgh.</subfield></datafield><datafield ind1=" " ind2=" " tag="936"><subfield code="a">June 25/July 7, 1979</subfield></datafield></record>